@article{Fernandes2013,
author = {Fernandes, Alexandre Marcelo},
file = {:home/jens/.local/share/data/Mendeley Ltd./Mendeley Desktop/Downloaded/Fernandes - 2013 - An Hybrid Metaheuristic Approach to Solve the Euclidean Steiner Tree Problem in RN.pdf:pdf},
journal = {Simp\'{o}sio Brasileiro de Pesquisa Operacional},
keywords = {euclidean steiner tree,grasp,main area,metaheuristics,path relinking},
pages = {1881--1892},
title = {{An Hybrid Metaheuristic Approach to Solve the Euclidean Steiner Tree Problem in R\^{}N}},
year = {2013}
}
@article{Gilbert1968,
author = {Gilbert, E. N. and Pollak, H. O.},
file = {:home/jens/jensfredskov@gmail.com/Documents/DIKU/year5/Thesis/articles/gilbert\_polak.pdf:pdf},
journal = {Society for Industrial and Applied Mathematics (SIAM) Journal},
number = {1},
pages = {1--29},
title = {{Steiner Minimal Trees}},
volume = {16},
year = {1968}
}
@book{Smith1992,
author = {Smith, Warren D},
file = {:home/jens/.local/share/data/Mendeley Ltd./Mendeley Desktop/Downloaded/Smith - 1992 - Algorithmica.pdf:pdf},
isbn = {3836681837300},
keywords = {facts and definitions,gilbert-pollak conjecture,readers familiar with steiner,regular polytopes,sensitivity diagrams,steiner trees,subexponential algorithms,this section presents basic,to,tree terminology may skip,which we will need},
pages = {137--177},
title = {{Algorithmica}},
year = {1992}
}
@incollection{Wu2004,
author = {Wu, Bang Ye and Chao, Kun-Mao},
file = {:home/jens/.local/share/data/Mendeley Ltd./Mendeley Desktop/Downloaded/Wu, Chao - 2004 - Steiner Minimal Trees (an excerpt from Spanning Trees and Optimization Problems).pdf:pdf},
pages = {1--6},
title = {{Steiner Minimal Trees (an excerpt from "Spanning Trees and Optimization Problems")}},
year = {2004}
}
