@misc{GolangHomepage,
  title = {Homepage -- golang.org},
  howpublished = {\url{http://golang.org}},
  note = {Last accessed: 23/06/2015}
}

@misc{GolangEffective,
  title = {Effective Go -- golang.org},
  howpublished = {\url{http://golang.org/doc/effective_go.html}},
  note = {Last accessed: 23/06/2015}
}
